% see A2.2
% see B6.4b